%sample_bibliography.tex
%bibtex example for the course Origins of CS COMS12303 
%taught at the University of Bristol
%2015 Conor Houghton conor.houghton@bristol.ac.uk

%To the extent possible under law, the author has dedicated all copyright 
%and related and neighboring rights to these notes to the public domain 
%worldwide. These notes are distributed without any warranty. 

@article{LightKnight2007a,
author={Light, Bud and Knight, Jed I},
title={Threading a Needle},
journal={The Journal of Difficult Things},
year=2007,
pages="23-345",
volume=5,
abstract="Needles must be threaded, thread is used, and a needle",
}

@article{BrainBrainBrain1902a,
author={Brain, John and Brain, Mem and Brain, Pea},
title={{An elemementary proof of Fermat's last theorem}},
journal={The Journal of Easy Things A},
year=1902,
pages="122-123",
volume=290,
}

@book{Swift1729a,
author={Swift, Jonathan},
title={A Modest Proposal for Preventing the Children of Poor People From Being a Burthen to Their Parents or Country, and for Making Them Beneficial to the Publick},
publisher={Harding},
address={Dublin},
year=1729,
}
